4426 6186
884 549 1316 613 ..m-,qm

291 785 392 867 Atque
415 784 457 848 ita
483 783 724 867 disputationem
748 781 971 848 instituendam
996 783 1113 865 putari,
1136 787 1173 848 ut
1196 782 1403 850 examinarem
1429 786 1460 849 et
1483 804 1561 867 quae
1580 786 1741 853 unirersac
1758 787 1931 870 tragoediae
1947 805 2019 851 cnm

183 876 243 939 illis
273 874 460 955 temporibus
490 878 572 937 esset
603 875 798 938 necessitudo
830 875 862 937 in
892 877 1075 951 argnrnenlo
1105 873 1242 955 eligendo
1273 881 1302 937 et
1325 874 1486 938 tractando
1510 877 1675 957 rarrspicua
1699 883 1728 942 et
1752 879 1805 959 qui
1828 877 1939 958 singuli
1962 878 2020 941 loci

184 969 267 1029 tecta
290 963 511 1044 significatione
541 967 713 1046 temporum
746 964 897 1027 rationem
921 963 1079 1025 traherent.
1127 963 1214 1040 erod
1238 983 1309 1026 cum
1334 968 1416 1027 certo
1440 964 1601 1027 diiudicari
1625 985 1685 1029 arou
1709 973 1811 1049 posset
1840 969 1897 1031 nisi
1920 968 2021 1049 explo-

183 1060 251 1117 rato
282 1052 403 1116 ia'·ulae
433 1056 583 1133 ternpore,
619 1053 676 1116 lico
707 1057 830 1134 ternpus
853 1070 910 1116 nec
933 1050 1101 1114 didascalia
1132 1071 1188 1116 nec
1211 1053 1393 1134 scriptoram
1424 1053 1608 1117 auctoritate
1639 1055 1727 1118 nobis
1757 1062 1865 1120 iratum
1894 1074 1929 1120 ex
1952 1058 2018 1139 ipso

184 1141 306 1206 fabulae
329 1154 512 1222 argumento
535 1142 690 1223 exquirere
714 1141 882 1223 oportebat.

290 1247 357 1312 Has
386 1249 482 1327 igitur
512 1248 644 1312 rationes
676 1252 801 1312 secutus
825 1246 1036 1311 (terrronstrare
1059 1248 1135 1311 mihi
1160 1248 1301 1330 proposui
1326 1247 1485 1331 Supplices
1509 1248 1549 1312 ab
1572 1248 1717 1332 Euripide
1740 1253 1926 1335 corrsoriptas
1950 1270 2018 1317 esso

76 1320 80 1330 ⁸
183 1336 320 1419 primum
349 1334 474 1417 quidem
505 1337 543 1399 ad
568 1338 705 1400 Athenas
737 1336 868 1418 patriam
901 1336 1134 1413 celebrandam,
1170 1337 1278 1401 (leindc
1308 1342 1345 1401 ut
1367 1338 1474 1401 t'oedus
1497 1357 1569 1402 cum
1593 1340 1715 1419 Argivis
1743 1341 1913 1405 ineundum
1936 1361 2020 1405 com-

184 1424 360 1502 mendaret,
391 1425 523 1507 denique
547 1431 582 1488 ut
605 1424 797 1488 condiciones
821 1430 852 1487 et
875 1425 978 1489 studia
1002 1444 1108 1488 eorum
1132 1427 1289 1507 probaret,
1320 1426 1372 1508 qui
1403 1426 1560 1491 moderato
1590 1429 1692 1509 populi
1716 1430 1841 1512 imperio
1864 1432 2019 1495 fervebunt.

1080 1690 1115 1769 Ι.

290 1868 472 1933 Adrnirabili
502 1868 618 1951 patriae
650 1887 754 1932 amore
786 1867 873 1931 ducti
902 1870 1010 1950 poetae
1038 1868 1147 1949 tragici
1182 1869 1305 1951 saepius
1339 1869 1447 1933 laudes
1476 1870 1669 1933 Alliennium
1701 1871 1813 1937 fabulis
1842 1874 1906 1937 suis
1936 1873 2018 1938 inse-

183 1960 365 2041 ruerunt1),
395 1958 547 2040 imprimis
571 1961 690 2031 autern,
720 1957 750 2019 id
775 1957 857 2039 quod
880 1957 944 2020 inm
967 1957 1087 2039 antiqui
1111 1958 1273 2039 scriptores
1296 1957 1563 2042 praedicaruntll,
1587 1958 1763 2040 Euripides,
1794 1981 1884 2042 quem
1908 1982 2017 2027 omnes

184 2048 300 2130 patriae
332 2046 533 2110 celebrandae
564 2047 739 2110 occasiones
770 2049 912 2128 captasse
943 2050 1037 2127 atque
1068 2045 1142 2110 adeo
1172 2047 1337 2110 materiam
1372 2047 1599 2123 tragoediarum
1629 2067 1664 2111 es
1696 2051 1866 2131 antiquiore
1895 2052 2016 2115 Atticae

183 2136 310 2200 historia
340 2135 564 2218 deprompsisse
591 2136 732 2199 ridemus
742 2137 778 2218 ³).
832 2134 946 2198 Eodem
977 2134 1009 2197 in
1040 2132 1220 2217 Supplicem
1248 2154 1368 2217 quoqne
1398 2137 1502 2199 tabula
1533 2154 1605 2200 earn
1635 2137 1803 2202 intendisse
1834 2142 1865 2203 et
1892 2158 1929 2204 ex
1950 2140 2016 2222 ipso

183 2229 366 2307 argumento
389 2224 484 2287 electo
508 2227 600 2305 atque
623 2225 790 2287 immutato
813 2224 901 2288 facile
930 2225 1124 2303 cognoscitur
1154 2243 1254 2307 neque
1283 2230 1419 2289 ret-erem
1448 2225 1706 2306 grammaticum,
1741 2228 1790 2291 cui
1820 2228 2016 2310 hypothesim

184 2314 350 2387 debemus,
380 2314 538 2395 praeteriit
548 2316 581 2395 ⁴).
628 2312 754 2376 Nullam
778 2314 861 2377 enim
885 2331 993 2376 earum
1017 2332 1137 2386 rerum,
1171 2332 1248 2395 quas
1271 2314 1476 2378 Athenienses
1500 2315 1672 2395 antiquiore
1704 2318 1839 2398 tempore
1861 2319 2017 2400 praeclare

184 2406 359 2483 gesserant,
394 2405 501 2465 truitae
525 2402 583 2465 sihi
606 2402 689 2464 laudi
714 2402 892 2465 tribuebant
915 2420 1011 2482 quam
1034 2402 1280 2465 illustrissimum
1303 2401 1379 2466 illud
1402 2402 1522 2466 facinus
1545 2402 1669 2477 Thesei,
1705 2404 1758 2485 qui
1782 2424 1906 2488 corpora
1929 2408 2018 2487 Argi-

183 2511 293 2555 uorum
316 2492 348 2553 in
370 2489 485 2554 'l'liebis
509 2490 723 2572 oppugnandis
747 2508 908 2553 caosomm
939 2490 1060 2553 tradere
1082 2490 1244 2555 Thebanos
1267 2495 1416 2569 coegerat.
1462 2490 1569 2573 Neque
1592 2491 1623 2554 id
1647 2491 1824 2565 mirabitur,
1854 2495 1904 2576 qui
1928 2514 2018 2578 repu-

183 2580 295 2644 taverit
317 2583 471 2660 quantum
494 2582 581 2642 net'as
606 2578 717 2643 Graeci
740 2579 871 2642 mortuis
894 2579 957 2642 rim
987 2578 1099 2643 inferre
1129 2579 1215 2642 omni
1244 2583 1380 2661 tempore
1410 2579 1590 2655 habuerint,
1626 2586 1744 2661 quanta
1773 2582 1916 2662 religione
1947 2603 2017 2648 eam

183 2669 284 2750 legem
308 2668 504 2742 servarerint,
529 2686 591 2749 equa
614 2668 770 2731 sancitum
794 2672 870 2741 erat,
892 2672 929 2730 ut
951 2667 1082 2731 victores
1105 2667 1194 2730 rictis
1218 2667 1358 2732 hostibus
1381 2668 1445 2733 sire
1462 2667 1589 2732 Graecis
1605 2668 1669 2731 sire
1691 2670 2017 2736 harbaris'cccisorurn

183 2775 307 2840 corpora
330 2756 396 2819 sine
419 2756 485 2820 ulla
508 2755 683 2821 condicione
707 2755 907 2821 concederent
919 2757 955 2839 Ι1).
1002 2756 1204 2820 Athenienses
1227 2760 1332 2821 autem
1352 2757 1512 2821 Thebanos
1536 2757 1575 2819 ad
1598 2757 1733 2820 osticium
1756 2766 1933 2824 reuocantes
1955 2780 2016 2825 non

183 2846 284 2910 solam
307 2845 578 2909 sanctissimarum
601 2846 704 2925 legum
728 2843 864 2908 vindices
894 2863 927 2908 se
958 2844 1175 2920 ostenderant,
1205 2845 1258 2908 sed
1288 2845 1438 2909 auxilium
1470 2845 1509 2909 ab
1541 2845 1579 2909 iis
1607 2846 1742 2927 petitum
1772 2850 2017 2931 praestitumque

183 2935 278 2999 etiarn
302 2933 485 2998 documento
508 2939 583 3008 erat,
606 2953 699 3016 penes
722 2934 860 2997 Athenas
883 2932 947 2996 iam
971 2932 1188 3015 antiquissimo
1212 2936 1349 3016 tempere
1372 2934 1577 3016 principatum
1596 2931 1743 2999 Graeciae
1766 2935 1869 3000 fnisse.
1914 2941 2017 3020 Atque

182 3023 386 3087 Athenienses
415 3023 497 3105 ipsos
524 3024 570 3086 ita
598 3023 731 3086 sensisse
761 3022 1044 3087 luculentissimum
1073 3020 1201 3085 tradidit
1228 3022 1443 3086 testiinonium
1470 3022 1656 3086 Herodotus.
1701 3021 1784 3087 Nam
1811 3026 2016 3090 Athenienses

182 3131 256 3177 cnm
285 3115 359 3176 ante
387 3129 524 3193 pugnam
548 3111 763 3175 Plataeensem
791 3129 862 3175 curn
885 3110 1029 3190 Tegeatis
1060 3110 1297 3174 controversiam
1320 3110 1485 3184 haberent,
1520 3111 1581 3174 utri
1605 3110 1747 3174 dextrum
1777 3131 1872 3177 conia
1895 3116 1928 3178 in
1951 3115 2017 3179 acie

182 3205 336 3276 tenerent,
370 3204 408 3263 ut
430 3200 489 3264 sihi
512 3201 595 3264 hunc
618 3200 720 3264 locum
744 3199 847 3263 deberi
871 3198 1132 3274 demonstrarent,
1166 3199 1248 3263 illius
1270 3199 1313 3263 rei
1336 3200 1527 3264 mentionem
1554 3199 1736 3284 fecerunta).
1781 3200 1921 3266 Eandem
1943 3203 2017 3267 huic

181 3289 307 3353 fabulae
335 3288 368 3352 in
398 3289 556 3352 rhetorum
586 3288 816 3352 laudationibus
846 3287 1063 3352 celeberrimae
1091 3288 1154 3350 rim
1184 3289 1279 3352 etiam
1310 3285 1460 3352 Isocrates
1492 3288 1606 3352 subicit
1636 3288 1720 3352 hisce
1742 3290 1858 3354 verbis:
1898 3286 1955 3375 „da
1978 3280 2018 3378 δὴ

181 3369 303 3441 aeirem
324 3367 436 3462 ῥᾴδιον
458 3374 602 3440 κατιδεῖν
624 3365 674 3440 ὅτι
697 3374 755 3439 καὶ
778 3361 850 3438 κατ’
874 3370 996 3439 ἐκεῖνον
1017 3365 1073 3438 τὸν
1094 3365 1205 3457 χρόνον
1233 3363 1251 3462 ἡ
1280 3366 1380 3451 πόλις
1407 3364 1497 3462 ἡμῶν
1523 3365 1722 3461 ἡγεμονικῶς
1749 3367 1864 3458 signif
1899 3379 2016 3445 addens

181 3467 276 3530 huius
298 3466 474 3546 gravissimi
496 3465 587 3530 cilicii
610 3466 693 3529 hand
717 3465 915 3530 immemores
944 3483 984 3529 ne
1007 3464 1126 3528 bellum
1149 3464 1275 3547 quidem
1298 3466 1452 3547 suscipere
1475 3465 1678 3530 Athenienses
1701 3464 1861 3532 dubitasse
1872 3469 1908 3551 ⁷).
1955 3467 2016 3533 Sed

182 3573 257 3619 cum
282 3557 344 3618 tres
367 3553 430 3619 fere
453 3553 591 3618 diversae
613 3554 730 3618 formae
754 3555 911 3618 exstarent
932 3553 1035 3634 mythi
1064 3552 1101 3617 de
1122 3552 1232 3618 Thesei
1255 3553 1426 3617 clarissimo
1449 3552 1581 3617 facinore
1591 3554 1632 3636 ⁸),
1666 3552 1827 3638 Euripides
1856 3575 1926 3621 eant
1955 3575 2017 3639 qua

182 3643 299 3707 bellum
328 3643 531 3707 Athenienses
559 3661 631 3708 curn
659 3643 815 3707 Thebanis
849 3642 982 3724 gessisse
1017 3641 1199 3706 tradebatur
1227 3646 1352 3707 secutus
1383 3645 1447 3718 est,
1481 3643 1631 3705 nimirum
1664 3646 1701 3706 ut
1734 3645 1852 3727 patriae
1885 3646 2017 3727 gloriam

181 3734 309 3813 augeret
331 3735 362 3796 et
384 3731 544 3795 uictoriam
567 3730 852 3815 splendidissimam
874 3749 984 3812 resque
1008 3748 1027 3793 a
1050 3730 1201 3796 militibus
1224 3730 1379 3814 praeclare
1408 3733 1514 3812 gestas
1545 3731 1579 3794 in
1602 3748 1716 3796 scaena
1738 3733 1909 3797 enarrando
1932 3752 2018 3818 spec·

181 3823 320 3884 tatarum
342 3823 374 3884 et
396 3838 487 3884 aures
500 3821 714 3903 permulceret
736 3823 768 3884 et
790 3819 911 3884 animos
935 3818 1090 3883 excitaret.

287 3926 333 3992 Ut
353 3927 450 4008 igitur
472 3929 694 4007 argumentum
717 3924 841 3990 fabulae
863 3925 966 4008 ipsum
989 3924 1230 3990 Atheniensibus
1254 3944 1377 3990 summo
1400 3924 1501 3990 decori
1523 3923 1600 4000 fuit,
1634 3926 1679 3991 sic
1702 3927 1798 3992 etiam
1820 3928 1921 3993 rerbis
1943 3946 2016 4013 opes

181 4015 374 4098 virtutesque
397 4034 503 4080 eorum
527 4015 724 4078 illustrantur
747 4017 841 4096 atque
864 4014 1076 4090 celebrantur,
1111 4015 1194 4079 velut
1217 4014 1256 4078 ab
1273 4015 1415 4090 Adrasto,
1438 4014 1493 4096 qai
1506 4014 1663 4079 Theseum
1686 4010 1871 4081 καλλίνικον
1892 4002 2017 4081 ducam

180 4107 211 4171 et
234 4089 461 4187 ἀλκιμώτατον
482 4088 564 4166 καθ’
586 4091 724 4167 ‘madae
746 4094 832 4188 cripe
853 4103 992 4186 appellat
1001 4104 1027 4188 1)
1051 4103 1283 4186 potentiamque
1305 4104 1510 4207 Athenarum
1523 4103 1568 4167 ita
1590 4104 1763 4187 praedicat:

288 4336 309 4404 ¹)
328 4333 367 4389 Cf.
393 4332 490 4388 Aeseh.
514 4331 625 4386 Rumon.
649 4348 675 4385 v.
701 4330 754 4387 916
772 4347 829 4400 sqq.
886 4329 1009 4401 Sophoci.
1033 4330 1098 4387 Oed.
1123 4329 1178 4387 Col.
1197 4348 1223 4386 r.
1244 4330 1296 4387 668
1314 4348 1372 4402 sqq.
1412 4331 1476 4387 Eur.
1495 4329 1566 4387 hlud.
1585 4348 1611 4387 r.
1630 4331 1685 4387 824
1702 4349 1761 4402 sqq.
1797 4332 1937 4389 Guotzlats.
1955 4333 1973 4390 l.
1992 4351 2016 4390 c.

179 4420 239 4475 pag.
258 4404 282 4459 2.
319 4404 352 4459 In
370 4404 482 4459 citandis
498 4403 564 4458 loeis
588 4401 740 4458 fabularum
758 4401 886 4471 Aeschyli
904 4408 931 4456 et
948 4401 1087 4471 Sophoclis
1108 4405 1219 4457 secutus
1241 4418 1301 4457 snm
1326 4403 1455 4457 editiones
1473 4402 1505 4458 G.
1524 4402 1654 4457 Dindorfii
1671 4402 1742 4473 Lips.
1764 4403 1846 4472 1870,
1873 4404 1938 4458 Euri
1957 4406 2016 4474 idis,

179 4477 321 4530 editionem
338 4474 454 4531 Nauckii
470 4475 533 4528 ibid.
553 4473 631 4530 leb'.
648 4503 683 4513 -
703 4475 725 4542 ²)
744 4471 783 4527 Cf.
801 4474 927 4527 Aeschin.
945 4473 1076 4528 Timarch.
1095 4475 1184 4542 5151.
1220 4473 1336 4544 Lycurg.
1349 4472 1441 4528 Leoer.
1460 4473 1549 4543 §10⁰-
1584 4473 1826 4530 memoratione
1845 4477 1934 4545 pago
1984 4476 2015 4532 1).

179 4546 270 4615 Eurip.
289 4547 340 4601 lab.
358 4546 436 4615 irgrn.
454 4544 507 4601 362
525 4545 585 4600 adn.
603 4542 789 4614 (edh’auclnl.
821 4542 944 4598 Schenkl.
963 4543 981 4600 l.
1001 4561 1024 4599 c.
1043 4560 1103 4613 pag.
1121 4544 1147 4598 8.
1178 4575 1213 4584 -
1245 4546 1267 4611 ⁸)
1287 4544 1447 4599 Huiusmodi
1464 4547 1529 4598 sunt
1547 4547 1655 4615 Aegeus
1675 4545 1758 4614 Alope
1775 4545 1942 4601 Erechtheus
1961 4546 2016 4601 Hc·

178 4617 293 4672 raclidao
311 4616 440 4671 H‘reules
458 4617 509 4672 tur.
527 4620 639 4685 uterque
655 4614 819 4684 llippolptus
836 4614 884 4669 Ion
902 4614 1043 4683 Supplices
1060 4615 1187 4670 Theseus.
1221 4614 1396 4670 &Schenkl
1415 4614 1433 4669 l.
1452 4632 1476 4671 c.
1495 4632 1553 4685 pag.
1568 4615 1611 4669 23.
1646 4614 1763 4670 ernm
1789 4617 1823 4671 de
1850 4619 1892 4672 his
1918 4617 2017 4673 fabulis

179 4689 304 4743 disseruit
322 4687 355 4743 U.
375 4688 408 4741 de
426 4685 803 4742 tl'ilamorritz·hloellerrdr›rfi
820 4686 949 4740 Analecta
961 4686 1111 4754 Euripiden.
1130 4684 1218 4740 Beiol.
1231 4686 1299 4740 1875
1318 4703 1377 4756 pag.
1398 4687 1449 4740 178
1462 4703 1520 4755 sqq.
1540 4716 1574 4726 -
1593 4687 1615 4754 ⁴)
1634 4685 1674 4741 cf.
1693 4687 1765 4754 quod
1782 4687 1810 4741 in
1828 4687 1919 4758 Supph
1938 4706 2017 4759 argu·

178 4763 268 4814 mento
285 4758 385 4830 legitur
401 4753 434 4811 τὸ
451 4758 482 4811 δι’·
500 4756 590 4826 δρᾶμα
609 4750 891 4828 ἐγκώμιονἈθιμιῶν.
919 4787 953 4797 -
981 4757 1003 4826 ⁶)
1022 4755 1060 4811 Ci.
1080 4756 1212 4810 Soetbcer.
1231 4756 1249 4811 l.
1268 4773 1291 4811 e.
1310 4774 1371 4826 pag.
1392 4758 1426 4811 19
1443 4773 1483 4826 sq.
1512 4786 1545 4795 -
1574 4759 1596 4823 ⁰)
1615 4755 1654 4811 Ci.
1673 4756 1771 4811 Herod.
1790 4757 1834 4812 IX
1852 4760 1895 4814 21.
1933 4759 2016 4815 Zastr.

178 4829 198 4885 l.
217 4847 241 4886 c.
259 4845 318 4900 pag.
338 4832 381 4884 11.
412 4859 446 4869 -
479 4830 500 4897 ²)
519 4828 556 4884 Oi.
575 4828 673 4895 Paneg.
692 4831 708 4896 ς’
726 4828 769 4882 bi.
806 4826 1147 4895 [recreassemus.
1184 4827 1256 4896 Lips.
1278 4827 1347 4882 1818
1364 4827 1418 4883 rol.
1437 4828 1451 4882 I
1468 4844 1528 4897 pag.
1548 4827 1611 4896 51).
1641 4858 1676 4867 -
1707 4827 1786 4893 ι101.
1806 4828 2016 4886 Soetbeer.lc.

179 4918 238 4971 pag.
259 4901 301 4955 18.
336 4900 530 4969 Antiquissima
553 4900 623 4953 enim
647 4899 719 4952 fanin
740 4897 859 4967 ipsisque
876 4899 1008 4953 Thebanis
1031 4897 1140 4967 probata
1162 4903 1219 4952 erat
1241 4899 1268 4951 in
1287 4898 1380 4951 eadem
1409 4902 1480 4952 terra
1506 4901 1586 4968 atque
1614 4898 1765 4953 cocidcmnt
1791 4899 1885 4953 heroes
1904 4901 2017 4971 Argiuos

178 4970 297 5040 sepultos
314 4987 387 5038 esse3
414 4971 469 5026 rid.
487 4969 563 5025 Pind.
582 4968 623 5024 ot
636 4968 675 5023 VI
696 4972 729 5023 lo
741 4984 781 5037 sq.
808 4968 886 5025 Nera.
905 4968 948 5023 IX
966 4968 1009 5024 ¹22.
1040 4967 1193 5038 Aeschylus
1220 4973 1310 5024 contra
1337 4970 1366 5023 in
1383 4969 1519 5039 tragoedia
1543 4985 1612 5037 qnae
1634 4969 1792 5031 ,Eleusinii'
1813 4971 1941 5040 inscripta
1959 4975 2017 5026 erat

178 5042 230 5096 hcc
247 5041 371 5096 Eleusine
390 5042 490 5095 iactum
508 5056 568 5096 esso
586 5039 712 5106 finxerat,
740 5044 880 5122 postquam
897 5040 1016 5094 Theseus
1040 5055 1150 5107 corpora
1173 5039 1221 5093 illa
1246 5041 1331 5110 gratia
1354 5046 1383 5094 et
1406 5045 1484 5109 pacto
1501 5057 1519 5095 a
1535 5040 1668 5094 Thebanis
1685 5041 1842 5109 recepisset3
1871 5043 1927 5098 rid.
1945 5042 2016 5097 Plut

177 5113 254 5166 Thes.
273 5128 296 5167 c.
316 5111 424 5167 XXIX.
447 5112 561 5166 Tertiam
579 5126 643 5165 rem
660 5110 747 5180 mqthr
766 5110 886 5167 tonnam.
913 5126 994 5179 quarn
1012 5109 1153 5179 Euripides
1170 5111 1312 5180 amplexas
1331 5116 1380 5181 est,
1407 5112 1462 5165 iam
1490 5115 1568 5166 antea
1585 5115 1676 5165 notam
1694 5111 1778 5165 fuisse
1795 5128 1831 5166 ex
1844 5112 1904 5168 loeo
1915 5112 2016 5169 Herod

178 5182 221 5238 IX
239 5183 273 5237 21
298 5199 381 5251 supra
397 5182 478 5238 allato
495 5183 561 5237 satis
578 5186 694 5252 apparet.
731 5180 810 5235 Errat
826 5181 909 5251 igitur
926 5181 1058 5249 llerglrius
1076 5180 1146 5236 Hist.
1166 5180 1216 5236 litt.
1236 5182 1328 5237 Graec.
1346 5182 1364 5237 l.
1384 5198 1408 5238 c.
1425 5199 1486 5254 pag.
1505 5182 1559 5236 532
1583 5181 1683 5236 bellurn
1700 5198 1718 5237 a
1734 5182 1835 5237 Theseo
1859 5187 2016 5255 susceptura

177 5255 312 5312 iurenhse
329 5254 483 5327 Euripidem
501 5254 599 5309 dicens.
636 5252 676 5308 Gt.
695 5250 783 5308 Soetb.
801 5250 820 5308 l
838 5270 862 5307 c.
881 5269 941 5323 pag.
962 5248 1072 5323 ro'sqq.
1092 5282 1125 5291 -
1145 5252 1166 5323 ⁰)
1185 5252 1225 5308 (li.
1244 5251 1337 5324 Suppl.
1355 5270 1383 5309 v.
1403 5254 1463 5309 113.
1485 5254 1544 5310 163.
