4426 6186
99 796 243 879 prostrati
269 798 351 867 sunt,
375 800 411 860 ut
434 797 519 860 millo
547 795 608 860 sere
632 796 745 860 milites
769 795 1023 870 interficerentur,
1054 795 1145 858 iniis
1169 794 1371 877 Hippocrates
1395 795 1604 879 imperator¹),
1636 798 1729 876 atquo
1753 793 1828 858 adeo
1851 795 1934 859 haud

100 886 187 966 pratici
220 885 373 959 timerent,
405 905 443 948 ne
467 885 572 949 Boeoti
600 886 632 947 in
661 887 761 968 ipsam
792 885 928 948 Atticam
960 884 1168 966 irrumperent
1179 885 1214 967 ἢ.
1264 885 1404 948 Accessit
1432 890 1469 947 ut
1498 886 1627 947 victores
1654 883 1750 947 victos
1774 883 1936 947 vehemen-

99 974 217 1036 tissime
252 994 286 1036 eo
318 974 486 1045 irritarent,
524 973 603 1055 (quod
640 993 763 1056 corpora
794 974 825 1036 in
856 973 969 1056 proelio
997 975 1167 1037 occisorum
1200 973 1274 1036 dam
1304 974 1507 1037 Athenienses
1538 973 1569 1034 in
1601 972 1710 1035 Boetia
1740 977 1936 1036 morarentur

99 1062 225 1125 reddere
249 1063 442 1133 recrrsalemt,
470 1064 617 1127 violantes
642 1064 739 1144 legem
765 1063 851 1125 illam
876 1064 1108 1127 sanctissimam
1132 1066 1163 1125 et
1185 1062 1225 1125 ab
1243 1063 1386 1126 omnibns
1405 1061 1530 1126 Graecis
1548 1063 1633 1124 omui
1656 1065 1792 1143 ternpore
1810 1080 1935 1125 summa

98 1151 244 1230 religione
267 1156 430 1215 servatam.
478 1150 705 1233 Septemdecim
729 1151 855 1213 demoni
880 1152 998 1214 dierum
1024 1151 1122 1234 spatio
1141 1152 1327 1226 intermisse,
1351 1154 1514 1233 postquam
1531 1149 1658 1213 Delium
1677 1152 1936 1233 recuperaverunt

99 1243 130 1301 et
152 1240 288 1301 inultum
311 1259 364 1322 per
387 1240 604 1303 caduceatores
628 1243 734 1302 actum
758 1244 814 1313 est,
838 1259 957 1304 rnorem
980 1241 1018 1303 iis
1041 1242 1248 1324 gessernutll.

206 1326 307 1406 Quam
339 1347 447 1391 rema
479 1329 677 1410 scriptoribus
702 1327 849 1390 traditam
874 1330 899 1391 si
929 1329 1239 1404 consideraverimus,
1274 1330 1389 1392 mirum
1419 1330 1451 1391 in
1485 1327 1614 1390 modurn
1649 1347 1721 1391 cum
1753 1327 1934 1410 Supplicem

99 1422 282 1497 argomento
313 1418 486 1481 corrsentiro
516 1417 698 1480 videbimus.
752 1417 922 1497 Utrobique
951 1418 1046 1480 iidem
1074 1417 1211 1481 Thebani
1240 1418 1384 1491 victores,
1419 1435 1598 1480 communes
1632 1415 1821 1480 Graecorum
1851 1417 1934 1496 leges

99 1506 261 1569 irridentes
292 1506 452 1586 iustasque
487 1507 594 1569 occisis
627 1505 788 1586 exsequias
820 1506 885 1569 fieri
917 1507 1128 1588 prolitentes,
1162 1506 1324 1587 utrobique
1359 1505 1530 1569 exarcerbati
1562 1505 1801 1569 Atheniensium
1830 1505 1935 1580 animi,

99 1595 261 1674 utrobique
293 1594 530 1657 caduceatorem
564 1598 630 1657 tarn
660 1595 807 1658 rerbosae
842 1612 936 1675 qrram
968 1595 1073 1658 irritae
1103 1596 1281 1677 actionesll.
1341 1595 1386 1658 Ex
1417 1595 1473 1656 hoc
1501 1595 1616 1673 insigni
1646 1612 1797 1657 consensu
1828 1597 1934 1656 autem

100 1683 177 1746 (liaris
207 1702 256 1746 res
288 1683 388 1763 colligi
421 1683 505 1746 licet:
541 1682 719 1765 Euripidem
750 1683 782 1745 in
812 1686 994 1762 argumento
1026 1683 1149 1747 fabulae
1172 1683 1331 1747 tractando
1359 1703 1407 1747 res
1432 1682 1471 1746 ad
1494 1682 1619 1745 Delium
1644 1682 1742 1746 saclas
1765 1682 1934 1764 respexisse

100 1772 193 1852 idque
224 1771 308 1833 haud
332 1771 376 1833 ila
398 1772 497 1834 multo
520 1776 597 1852 post,
629 1772 809 1853 prinsquam
835 1772 1070 1834 Atheniensium
1098 1772 1144 1834 ira
1168 1772 1372 1837 defervescere
1396 1772 1557 1853 coepissem
1587 1770 1696 1834 deinde
1720 1789 1756 1834 ea
1779 1770 1817 1836 de
1840 1789 1935 1834 cansa

99 1861 179 1923 hano
210 1860 374 1923 materiam
406 1860 575 1941 sumpsisse.
609 1869 640 1924 et
675 1860 707 1923 in
733 1861 894 1941 impietate
920 1860 1155 1935 Thebanorum,
1191 1861 1430 1924 Atheniensium
1466 1861 1579 1942 pietate
1614 1860 1831 1942 amplificanda
1867 1863 1935 1922 tam

100 1949 257 2029 copiosum
280 1947 384 2021 luisse,
417 1951 453 2015 nt
477 1949 586 2011 horum
610 1949 641 2011 in
665 1950 732 2012 illos
756 1949 862 2012 odium
886 1948 1056 2012 effrurderet
1079 1954 1172 2030 atque
1196 1948 1319 2012 eosdem
1340 1949 1512 2023 Thebanos,
1536 1948 1589 2030 qui
1613 1951 1690 2012 tunc
1713 1947 1840 2012 victoria
1863 1948 1932 2012 elat'

99 2038 215 2100 occisos
245 2036 365 2099 tradere
398 2041 584 2112 recusarent,
615 2038 677 2100 iam
709 2037 818 2101 multis
849 2040 922 2100 anto
953 2038 1043 2100 anrris
1072 2056 1090 2101 a
1121 2037 1185 2100 suis
1216 2038 1334 2101 ciribus
1364 2039 1392 2101 ri
1424 2038 1580 2118 armisque
1610 2036 1693 2100 idem
1723 2041 1843 2100 coactos
1867 2055 1933 2100 esse

100 2125 279 2188 admoneret
301 2144 397 2206 eaque
421 2125 629 2189 admonitione
652 2125 733 2190 cives
758 2144 830 2190 suos
854 2126 1066 2189 cohortaretur
1089 2129 1121 2190 et
1143 2126 1181 2189 de
1203 2127 1295 2190 rebus
1319 2127 1384 2190 suis
1408 2127 1484 2190 bene
1508 2144 1630 2207 sperare
1653 2126 1818 2209 inherere).

205 2212 322 2277 Eodem
345 2213 441 2276 etiarm
464 2214 597 2295 pertinet
620 2214 699 2295 quod
725 2214 763 2279 ad
788 2214 987 2296 epigonorum
1010 2215 1063 2296 qui
1086 2218 1236 2278 vocantur
1257 2215 1417 2279 rieton'am
1439 2214 1608 2279 identidem
1628 2215 1749 2277 aniraos
1767 2213 1899 2277 advertit
1908 2218 1933 2299 ⁶)

98 2304 129 2365 el
153 2302 307 2365 fortunam
331 2302 540 2366 blandientem
562 2302 731 2379 Thebanis,
759 2306 866 2386 utpote
894 2303 1013 2366 variam
1037 2322 1073 2367 ao
1095 2303 1296 2379 mutabilem,
1325 2304 1414 2368 facile
1436 2321 1525 2386 posse
1548 2303 1580 2367 in
1603 2302 1794 2367 eontrarium
1816 2307 1933 2367 vertere

99 2391 181 2468 dicit,
204 2391 302 2455 volut:

416 2498 445 2543 r.
469 2480 532 2543 329
546 2498 613 2562 sqq.
647 2470 786 2581 Kgidppc
809 2465 978 2579 θ’ῃὸρῶσα
1000 2470 1079 2581 tabi:
1101 2464 1135 2543 εἷ·
1157 2469 1361 2565 πεπραγότα,

652 2562 688 2632 ἴτ
721 2558 817 2632 acrba
838 2567 921 2630 <aaa
942 2560 1070 2654 sttrjpar
1104 2565 1138 2631 ἐν
1160 2561 1273 2669 aspicie
1294 2567 1405 2651 plaicio

650 2643 816 2720 πέποιθ’
841 2645 859 2719 ὃ
883 2648 942 2742 γὰρ
965 2648 1046 2733 θεὸς
1067 2644 1165 2721 πότνι’
1189 2654 1384 2744 αιάστρέφει
1406 2647 1518 2722 πάλιν.

415 2763 444 2809 v.
469 2744 532 2809 608
556 2763 601 2827 sq.
646 2733 728 2808 ailad
750 2735 807 2808 τὸν
828 2732 955 2830 εὗτιχίᾳ
977 2736 1130 2830 λαμπρὸν
1151 2732 1191 2809 dv
1212 2768 1264 2823 τις
1286 2739 1374 2829 αἱροῖ

650 2836 750 2917 μοῖρα
773 2824 895 2896 πάλιν·
918 2825 994 2898 τόδε
1014 2856 1075 2914 μοι
1096 2825 1135 2897 τὸ
1157 2824 1285 2917 θράσος
1306 2822 1545 2922 ἆμφιβαίνειῖ).

205 2921 335 2987 Frustra
356 2921 550 3004 Hauptius⁸)
575 2922 766 2996 contradicit,
796 2922 959 2987 Thebanos
991 2923 1147 3004 ceteroqui
1171 2925 1250 2987 siros
1274 2923 1366 2987 sortes
1389 2927 1421 2988 et
1442 2924 1535 2989 laude
1557 2924 1628 2989 belli
1654 2923 1761 3004 dignos
1785 2923 1933 2998 describi;

100 3030 235 3093 namque
257 3010 288 3073 id
311 3013 345 3075 in
368 3010 556 3091 Aeschylum
579 3011 705 3091 quidem
729 3012 880 3087 convenit,
904 3011 955 3092 qui
979 3011 1018 3075 ob
1036 3012 1117 3076 bane
1137 3031 1203 3075 rem
1223 3012 1263 3076 ab
1279 3012 1484 3094 Aristophane
1508 3014 1725 3095 castigatum).
1771 3011 1933 3094 Euripides

99 3105 205 3165 autem
233 3119 295 3163 non
316 3099 488 3174 Thebanos,
517 3097 571 3163 scd
601 3099 707 3164 heroes
730 3101 858 3181 Argivos
888 3100 1034 3164 laudibus
1066 3099 1213 3183 offerte).
1259 3101 1361 3182 Atque
1382 3100 1523 3165 Thebani
1551 3119 1667 3183 magua
1697 3100 1824 3165 victoria
1844 3100 1934 3183 potiti

99 3191 197 3264 erant,
227 3189 291 3252 sive
321 3187 461 3251 fabulam
491 3187 554 3251 sive
582 3206 721 3269 pugnam
751 3188 834 3270 apud
857 3188 982 3252 Delium
1005 3188 1123 3252 factam
1146 3189 1343 3271 respicimus;
1376 3190 1500 3270 ignaria
1523 3208 1594 3269 ergo
1615 3190 1655 3253 iis
1678 3189 1807 3253 minime
1828 3207 1934 3271 oppro-

100 3277 183 3340 brari
211 3279 346 3359 poterat,
376 3294 436 3357 quo
466 3275 624 3360 opprobrio
651 3277 777 3360 insuper
805 3277 1043 3342 Atheniensium
1074 3277 1171 3358 gloria
1203 3277 1290 3341 valde
1319 3277 1486 3342 imminuta
1517 3282 1608 3355 esset,
1637 3297 1713 3343 nam
1742 3277 1869 3342 victoria
1897 3296 1933 3341 ex

99 3366 219 3446 ignavis
241 3370 331 3447 parta
352 3365 483 3428 minima
505 3368 554 3428 est
575 3365 680 3446 gloria.

160 3473 164 3478 ’
206 3453 265 3519 Sed
295 3455 371 3517 haec
403 3454 527 3536 quidem
550 3453 588 3518 de
611 3454 752 3529 consilio,
780 3453 862 3536 quod
885 3453 1047 3537 Euripides
1074 3454 1107 3518 in
1135 3456 1237 3537 patria
1266 3455 1449 3519 celebranda
1479 3455 1678 3537 potissimum
1708 3458 1834 3519 secutus
1866 3473 1933 3520 esse

100 3542 234 3624 quidque
263 3543 301 3607 de
323 3547 459 3625 tempore
487 3541 609 3607 tabulae
637 3544 828 3625 conscriptae
855 3541 928 3606 inde
951 3542 1092 3607 concludi
1116 3562 1204 3626 posse
1233 3542 1382 3608 videatur.
1434 3542 1501 3607 lam
1525 3563 1595 3609 vero
1621 3544 1662 3607 ad
1686 3544 1815 3608 alteram
1839 3544 1932 3608 huius

99 3632 317 3782 pisputal-ionis
350 3635 471 3713 partem
504 3650 555 3695 me
590 3634 745 3708 converto,
782 3634 820 3695 ut
853 3631 1032 3696 societatem
1071 3650 1144 3696 cum
1177 3631 1299 3713 Argivis
1337 3631 1512 3697 faciendam
1546 3651 1565 3697 a
1597 3637 1690 3717 poeta
1723 3631 1933 3698 commendari

121 3723 316 3785 emoustrem.
1849 3734 1851 3739 ’

987 3894 1045 3977 Π.

205 4073 342 4138 Theseus
366 4072 487 4155 Argivis
517 4073 604 4154 gnari
632 4073 810 4139 calamitate
838 4075 992 4158 oppressis
1020 4078 1115 4156 atque
1137 4073 1254 4138 frustm
1276 4074 1412 4158 undique
1435 4075 1586 4140 auxilium
1608 4076 1831 4158 quaerentibus
1855 4075 1933 4140 bello

86 4164 207 4245 contra
228 4162 391 4226 Thebanos
420 4165 508 4242 gesto
536 4163 753 4242 gratissimum
781 4162 897 4228 lecerat
926 4181 1038 4245 eosque
1067 4163 1100 4226 in
1128 4166 1313 4245 perpetuum
1341 4165 1400 4229 sibi
1423 4164 1610 4229 devinxerat.
1657 4163 1768 4245 ltaque
1789 4168 1822 4228 et
1844 4165 1932 4229 heros

60 4334 64 4341 1
100 4251 165 4334 ipse
195 4250 270 4333 quid
299 4251 357 4315 sibi
387 4250 521 4315 debeant
541 4251 649 4333 Argivi
678 4251 791 4317 diserte
821 4251 1018 4334 admonete)
1043 4253 1076 4316 et
1097 4251 1250 4315 Adrastus
1278 4252 1411 4333 patriam
1435 4272 1527 4317 suam
1549 4253 1789 4318 Atheniensibus
1812 4271 1933 4337 semper

208 4407 228 4474 ¹)
246 4406 284 4460 Cl.
302 4407 385 4461 Thuc.
403 4407 443 4460 lv
461 4405 496 4461 90
513 4422 571 4477 sqq.
591 4408 651 4463 101.
679 4439 714 4448 -
742 4410 763 4478 ¹)
783 4409 822 4465 Cl.
841 4408 964 4478 Xenoph.
983 4408 1093 4463 Memor.
1111 4407 1154 4462 Ill
1173 4410 1198 4473 5,
1217 4410 1243 4463 l.
1274 4440 1308 4450 -
1339 4409 1418 4479 ⁸)Cl.
1437 4410 1520 4465 Thac.
1538 4408 1556 4464 l.
1575 4426 1598 4464 c.
1618 4426 1676 4479 eap.
1697 4410 1756 4465 101.
1787 4439 1821 4449 -
1852 4411 1873 4479 ι)
1893 4410 1932 4465 Ct

99 4477 195 4547 Bergk.
213 4477 231 4531 1.
246 4495 268 4532 e.
281 4494 339 4547 pag.
353 4478 405 4532 5311
418 4478 477 4531 adn.
491 4477 552 4533 218.
591 4477 811 4543 ,Unvvillhtirlich
831 4480 897 4533 wird
916 4497 977 4533 man
996 4496 1030 4533 an
1049 4479 1093 4533 die
1111 4478 1310 4534 aasllihrlieheo
1328 4479 1574 4535 staatsreehtlichen
1587 4479 1784 4550 Erllrterungea
1799 4480 1933 4534 zwischen

99 4548 269 4603 boeotischen
293 4548 350 4602 und
374 4548 503 4602 ottischoo
522 4548 655 4604 Heroiden
679 4550 722 4604 bei
739 4550 834 4605 Delion
858 4551 987 4616 erinnert3
1019 4566 1097 4603 wonn
1114 4549 1195 4603 Thac.
1220 4550 1260 4604 IV
1279 4551 1415 4607 er-roo
1439 4552 1511 4606 diese
1538 4551 1765 4620 Verbandlungon
1788 4551 1826 4603 im
1844 4550 1932 4605 Detail

99 4620 214 4687 mitteilt,
232 4635 263 4674 so
281 4619 337 4688 gibt
353 4635 382 4672 er
400 4620 496 4689 gewiss
513 4619 557 4673 ein
574 4621 726 4675 annAhemd
745 4626 835 4676 trenes
853 4621 914 4675 Bild
933 4621 980 4675 dor
997 4620 1207 4675 retrahentur·
1229 4651 1263 4661 -
1281 4624 1303 4691 ⁶)
1322 4622 1419 4678 Contra
1437 4621 1610 4676 Guotzlaflins
1630 4621 1647 4676 l.
1667 4639 1690 4676 c.
1710 4639 1768 4692 pag.
1785 4622 1820 4676 56
1841 4623 1933 4690 ,peius

99 4690 227 4744 solacium
246 4689 396 4759 excogitare
415 4698 517 4758 poetam
536 4707 588 4745 non
607 4693 725 4761 potuisse
743 4709 826 4762 qnam
844 4691 962 4745 fabulam
980 4707 1092 4746 scaenae
1110 4692 1283 4757 committere,
1302 4709 1370 4762 quae
1388 4694 1526 4747 victoriam
1542 4693 1575 4747 de
1594 4693 1687 4746 iisdem
1700 4692 1831 4746 Thebanis
1842 4709 1930 4762 repor-

99 4765 181 4815 tatam
195 4761 362 4829 descripserit
374 4776 427 4829 qua
440 4760 615 4815 Athenienses
628 4764 735 4832 Argivis
747 4764 775 4817 id
793 4764 995 4832 praestitissent,
1014 4762 1086 4831 quod
1104 4765 1169 4815 tuno
1187 4779 1222 4816 ne
1240 4763 1289 4816 sibi
1307 4765 1372 4832 ipsis
1385 4765 1493 4833 quidem
1506 4767 1639 4833 praestare
1652 4764 1810 4832 potuerint·¹
1849 4763 1932 4818 cuius

99 4833 244 4885 sententiae
263 4833 421 4885 arreptionem
440 4832 527 4884 lacere
551 4833 616 4887 satis
640 4833 735 4902 lrabui3
766 4851 853 4903 neque
878 4834 948 4887 eninr
971 4849 1065 4887 vereor
1086 4849 1121 4886 ne
1138 4834 1184 4903 qui
1208 4833 1347 4903 diligenter
1369 4837 1509 4904 animoque
1531 4852 1584 4888 non
1603 4839 1795 4903 prarmceupato
1813 4833 1931 4887 fabulam

99 4903 192 4973 legerit
208 4903 272 4957 huie
290 4902 435 4957 sententiae
453 4902 569 4958 aeeodat
590 4932 622 4942 -
642 4904 664 4973 ⁸)
683 4904 721 4959 Cf.
741 4904 833 4974 Suppl.
854 4922 880 4959 v.
900 4905 968 4958 1143
988 4920 1046 4973 sqq.
1071 4934 1106 4944 —
1131 4905 1152 4973 ἱ)
1170 4903 1209 4959 cf.
1227 4906 1307 4958 otiam
1326 4923 1352 4960 v.
1371 4907 1424 4961 463
1443 4923 1481 4975 sq.
1500 4920 1581 4975 supra
1600 4904 1905 4973 conservarem
1924 4948 1930 4959 .

98 4975 280 5100 pbil'l'lrssseup
298 4972 596 5100 apppelnieoselsogoootis
614 4975 731 5044 potentia
756 4976 913 5031 antecedere
930 4976 1074 5045 praedicat
1102 5003 1136 5013 -
1164 4975 1186 5045 ¹)
1204 4974 1242 5031 Ol.
1261 4975 1279 5030 l.
1298 4992 1321 5031 c.
1338 4976 1368 5032 11
1386 4994 1446 5049 pag.
1466 4979 1508 5034 10.
1535 5007 1570 5017 -
1599 4977 1620 5047 ⁹)
1639 4974 1680 5032 Cf.
1698 4975 1780 5031 Arist.
1792 4974 1859 5030 Rara
1879 4921 1932 5046 (oi.

124 5062 181 5100 oc'.
224 5061 286 5100 ero.
405 5061 430 5099 v.
485 5084 501 5097 .
569 5087 577 5100 .

374 5046 385 5116 )
520 5060 598 5169 'cbqvtl
613 5120 666 5185 μέν
684 5134 728 5169 σοι
745 5109 829 5170 κακὸν
846 5117 1000 5188 εἴργασται·
1021 5121 1156 5185 Uestalem
1174 5110 1227 5201 γὰρ
1245 5122 1393 5183 πεποίηκας
1740 5122 1776 5207 ,2

521 5178 723 5259 ‹a'adpeme'potc
741 5189 778 5245 εἰς
795 5182 845 5241 τὸν
862 5186 993 5257 πόλεμον·
1011 5192 1057 5240 καὶ
1074 5184 1173 5240 roiano
1190 5209 1208 5259 y
1235 5187 1322 5240 εἵνεκα
1339 5186 1450 5243 cicerae.
1671 5192 1676 5201 '

100 5258 133 5328 ¹⁰)
151 5254 191 5312 Cf.
210 5256 317 5312 Adrasti
334 5257 478 5313 orationem
496 5257 634 5311 funebrem
652 5258 745 5329 Suppl.
762 5276 790 5315 v.
808 5257 862 5315 857
880 5274 938 5330 sqq.
957 5289 992 5299 —
1012 5259 1045 5330 ¹¹)
1063 5256 1103 5313 Ol.
1121 5257 1213 5329 Suppl.
1232 5276 1259 5315 r.
1278 5259 1348 5314 noo
1366 5275 1424 5330 sqq.
