4426 6186
890 344 893 351 ’
920 409 1082 418 ......
1127 375 1378 435 gom„-

224 606 337 666 catur?
375 603 444 667 alia
468 603 564 683 igitur
587 623 682 668 causa
705 603 798 667 latent
821 621 946 666 necesse
970 605 1031 675 ost;
1055 622 1092 667 ao
1113 622 1185 667 rnoa
1209 604 1363 669 sententia
1386 604 1547 687 Euripides
1571 605 1668 669 libera
1691 623 1750 670 sua
1772 606 1886 671 indicia
1908 607 2080 672 moderatis

226 696 258 757 et
280 693 482 758 consideratis
506 693 704 774 potissimum
735 693 854 756 civibus
878 692 1036 755 ollensioni
1061 711 1129 756 osse
1153 712 1225 756 oum
1249 714 1309 756 nou
1333 694 1495 774 ignoraret,
1525 694 1557 756 in
1581 695 1641 758 bac
1664 694 1769 759 sabula
1793 696 1832 759 ab
1855 697 1894 759 iis
1917 697 2080 772 abstinuit,

225 799 265 845 ne
288 783 413 845 eosdem
437 781 612 857 attenderet,
637 802 713 864 quos
738 782 769 844 in
794 800 867 843 suas
892 788 995 863 partes
1020 781 1133 845 ducere
1157 782 1288 846 volebat.

333 959 391 1022 llis
415 960 560 1042 expositis
585 960 661 1024 salis
685 959 878 1022 int-ellectum
903 960 988 1039 puto,
1013 978 1074 1041 quo
1097 959 1188 1023 modo
1204 959 1367 1040 Euripides
1390 959 1421 1022 in
1439 959 1637 1042 supplicibus
1662 963 1801 1042 tempora
1824 980 1881 1024 sua
1901 963 2080 1043 respexerit.

227 1046 287 1112 Sed
311 1052 347 1110 ut
370 1066 407 1111 ea
430 1069 510 1129 quam
534 1049 689 1131 disputari
713 1048 821 1129 pautris
845 1048 1044 1128 complectar,
1068 1049 1146 1111 baec
1168 1049 1245 1111 mibi
1270 1049 1373 1111 ridear
1396 1048 1539 1112 evicisse:
1564 1048 1700 1113 Fabulae
1723 1051 1889 1113 materiam
1913 1049 2078 1132 Euripides

226 1137 335 1200 statim
366 1142 435 1218 post
465 1137 586 1201 cladem
616 1139 654 1200 ad
679 1137 806 1200 Delium
835 1141 996 1217 acceptam
1026 1138 1128 1216 elegit,
1159 1142 1196 1200 ut
1219 1138 1436 1201 'l'lrebanorum
1467 1137 1661 1218 impietatem
1693 1141 1787 1218 atque
1816 1139 1962 1202 iniuriam
1986 1139 2082 1202 casti-

226 1231 323 1307 garet,
356 1226 594 1290 Atheniensium
623 1245 693 1290 sero
722 1226 839 1307 pietate
869 1226 1067 1306 potentiaque
1096 1226 1280 1290 celebranda
1310 1227 1428 1308 patriae
1457 1226 1588 1306 gloriam
1612 1233 1740 1305 angeret
1769 1229 1801 1291 et
1831 1227 1913 1291 eires
1944 1245 2016 1291 snos
2040 1227 2078 1291 do

227 1318 354 1396 accepta
377 1314 491 1377 iniuria
514 1316 724 1379 consolaretur
746 1313 944 1394 meliorisque
967 1312 1112 1377 lbrtnuao
1135 1334 1222 1396 spem
1246 1315 1285 1377 iis
1307 1314 1433 1378 taceret.
1478 1314 1633 1378 Fabulam
1662 1317 1737 1376 tnnc
1760 1314 1886 1396 quidem
1910 1316 2016 1397 aliqua
2040 1316 2078 1381 de

227 1422 323 1468 causa
347 1404 515 1485 sepositam
539 1406 707 1468 an110420
732 1402 771 1465 ad
803 1402 911 1465 foedus
934 1403 1120 1483 Argivorum
1145 1403 1428 1466 commendandum
1452 1404 1633 1467 retractauit
1654 1404 1840 1484 magnisque
1864 1404 2022 1486 ltionpsiis
2045 1405 2081 1468 in

228 1510 372 1556 scaenam
405 1492 561 1574 produxit,
596 1493 689 1574 idque
720 1493 759 1554 ut
786 1490 909 1554 ridetur
940 1494 1065 1555 auctore
1095 1491 1263 1555 Alcibiade.
1318 1492 1355 1555 ln
1385 1493 1525 1554 iteranda
1558 1495 1665 1554 autern
1696 1490 1803 1553 fabula
1832 1492 1915 1556 iltius
1946 1491 2077 1557 foederis

227 1599 323 1644 cansa
353 1599 413 1643 arou
436 1582 537 1644 solum
569 1600 620 1645 eos
646 1583 737 1654 locos,
767 1580 819 1659 qni
850 1579 1023 1643 clarissimo
1054 1580 1093 1643 ad
1124 1600 1172 1643 res
1196 1581 1381 1661 Argivorum
1405 1584 1555 1661 spectant,
1586 1580 1710 1643 tabulae
1733 1581 1873 1649 inseruit,
1904 1580 2078 1645 sedetiam
2106 1576 2109 1581 ’

227 1669 396 1733 latissimas
426 1669 463 1733 de
493 1671 610 1752 optima
638 1670 681 1732 rei
712 1668 852 1750 publicae
882 1668 980 1730 sonna
1015 1668 1055 1731 ad
1085 1664 1212 1732 Periclis
1248 1669 1398 1732 rationem
1422 1687 1564 1751 expressa
1588 1668 1828 1750 disputationes,
1862 1669 2079 1751 imprimisque

227 1757 336 1822 laudes
359 1776 475 1831 eorum,
498 1760 561 1840 qui
584 1758 721 1823 mediam
745 1756 782 1821 de
806 1778 839 1820 re
863 1758 985 1838 publiea
1017 1759 1205 1821 seutentiam
1230 1759 1449 1839 sequebantur,
1481 1758 1631 1819 nimirum
1654 1757 1693 1820 its
1716 1757 1958 1836 gratificaturus,
1981 1776 2078 1840 penes

227 1865 304 1929 quos
335 1846 441 1910 foedus
473 1847 604 1911 faciendi
629 1850 684 1909 ant
711 1844 875 1927 respuendi
904 1849 1040 1927 potestas
1065 1851 1141 1909 erat.
1193 1846 1312 1909 Eadem
1343 1846 1475 1928 deniquo
1506 1845 1543 1908 de
1572 1863 1668 1909 causa
1691 1846 1731 1909 ab
1754 1845 1899 1909 omnibus
1922 1847 1961 1910 iis
1983 1846 2078 1910 rebus

226 1936 421 2017 temperarit,
446 1954 526 2017 quae
550 1934 837 1999 moderatissimum
861 1953 1017 2016 quemque
1040 1934 1239 1998 offenderent.
1301 1992 1304 1997 .

335 2024 509 2103 Diligenter
533 2026 610 2088 haec
633 2023 792 2104 collegisse
822 2028 916 2104 atque
948 2022 1146 2105 perpendisse
1175 2042 1247 2086 cum
1278 2021 1355 2085 satis
1378 2020 1520 2087 duxerim
1551 2040 1652 2103 nequo
1676 2041 1756 2104 quae
1779 2022 1851 2087 inde
1874 2021 1914 2085 ad
1936 2022 2077 2087 fabulam

227 2112 493 2195 interpretandam
524 2115 586 2195 peti
617 2113 736 2195 possint
770 2112 844 2175 data
873 2130 966 2193 opera
1001 2130 1147 2193 quaerere
1176 2112 1208 2174 iu
1243 2112 1347 2174 animo
1378 2110 1433 2185 sit,
1468 2115 1576 2174 tamen
1611 2110 1868 2193 adstipulandum
1903 2112 2080 2193 putaverim

228 2202 330 2265 uerbis
362 2199 527 2266 Godolredi
558 2197 748 2274 Hermandi,
784 2200 838 2281 qui
872 2200 902 2263 in
931 2200 1025 2282 praes.
1055 2198 1161 2282 Suppl.
1192 2219 1261 2282 pag.
1285 2198 1329 2262 IV
1364 2198 1402 2264 de
1432 2199 1491 2262 hac
1521 2218 1554 2263 re
1584 2199 1644 2261 ita:
1693 2198 1793 2283 „Quin
1823 2200 1920 2263 etiam
1950 2201 2076 2264 criticus

227 2290 373 2364 inueniet,
406 2290 486 2371 quod
511 2310 585 2355 eum
607 2290 635 2353 si
657 2309 720 2352 non
743 2289 869 2352 adiuret
890 2288 923 2351 in
946 2287 1151 2391 emendando,
1175 2293 1209 2352 at
1231 2288 1365 2353 retineat
1386 2291 1503 2362 tamen,
1532 2306 1572 2352 nc
1594 2289 1696 2356 tentet
1717 2306 1798 2369 quae
1822 2288 1935 2352 saltem
1956 2289 2081 2372 possint

228 2397 303 2443 sana
327 2377 423 2443 osse“.

336 2712 520 2780 Scribebam
544 2714 727 2779 Monasterii
750 2711 982 2779 Guestfalorum
1006 2730 1116 2776 mense
1140 2711 1285 2776 Ianuario
1309 2730 1337 2775 a.
1360 2709 1688 2776 otbcccnmvu.

1584 3043 1758 3131 Georgius
1780 3044 1914 3132 bugge.
